% Encoding: UTF-8

@Article{Reticcioli2019,
  author    = {Reticcioli, Enrico and Campi, Tommaso and De Santis, Valerio},
  journal   = {IEEE Transactions on Instrumentation and Measurement},
  title     = {An Automated Scanning System for the Acquisition of Nonuniform Time-Varying Magnetic Fields},
  year      = {2019},
  number    = {6},
  pages     = {3216--3222},
  volume    = {69},
  publisher = {IEEE},
}

@InProceedings{Jain2020,
  author     = {Jain, Achin and Smarra, Francesco and Reticcioli, Enrico and D’Innocenzo, Alessandro and Morari, Manfred},
  booktitle  = {Learning for {Dynamics} and {Control}},
  title      = {{NeurOpt}: {Neural} network based optimization for building energy management and climate control},
  year       = {2020},
  month      = jul,
  pages      = {445--454},
  publisher  = {PMLR},
  abstract   = {Model predictive control (MPC) can provide significant energy cost savings in building operations in the form of energy-efficient control with better occupant comfort, lower peak demand charges, an...},
  file       = {Full Text PDF:http\://proceedings.mlr.press/v120/jain20a/jain20a.pdf:application/pdf},
  issn       = {2640-3498},
  language   = {en},
  shorttitle = {{NeurOpt}},
  url        = {http://proceedings.mlr.press/v120/jain20a.html},
  urldate    = {2020-09-02},
}

@Article{Reticcioli2020,
  author  = {Enrico Reticcioli and Giovanni Domenico Di Girolamo and FrancscoSmarra and Alessio Carmenini and Alessandro D’Innocenzo and Fabio Graziosi},
  journal = {European Conference on Networks and Communications (Eu-CNC 2020) conference},
  title   = {Learning SDN traffic flow accurate models to enable queue bandwidth dynamicoptimization},
  year    = {2020},
}

@Article{Reticcioli_CN_2020,
  author  = {Enrico Reticcioli and Giovanni Domenico Di Girolamo and FrancscoSmarra and Alessandro D’Innocenzo and Fabio Graziosi},
  journal = {Submitted to Computer Networks},
  title   = {Model Identification and Control of Priority Queueing in Software DefinedNetworks},
  year    = {2020},
}

@Comment{jabref-meta: databaseType:bibtex;}
